<?xml version="1.0" encoding="UTF-8"?><collection xmlns="http://www.loc.gov/MARC21/slim"><record><leader>00497nam--2200169-i-4500</leader><controlfield tag="001">000029097</controlfield><controlfield tag="002">20161230</controlfield><controlfield tag="005">20170102181005</controlfield><controlfield tag="008">060222s1000------------r-----000-0-eng-d</controlfield><datafield ind1=" " ind2=" " tag="080"><subfield code="a">530.145.3:535.33/34</subfield></datafield><datafield ind1=" " ind2=" " tag="100"><subfield code="a">Levinson, L. B</subfield></datafield><datafield ind1=" " ind2=" " tag="245"><subfield code="a">Handbook for theoretical computation of line intensities in atoic spectra</subfield></datafield><datafield ind1=" " ind2=" " tag="260"><subfield code="a">Jerusalem</subfield><subfield code="b">Israel Program For Scientific Translations</subfield><subfield code="c">1965</subfield></datafield><datafield ind1=" " ind2=" " tag="300"><subfield code="a">VI + 242p</subfield></datafield><datafield ind1=" " ind2=" " tag="700"><subfield code="a">Nikitin, A.A</subfield></datafield><datafield ind1=" " ind2=" " tag="852"><subfield code="a">77324</subfield></datafield><datafield ind1=" " ind2=" " tag="CAT"><subfield code="a">SYS</subfield><subfield code="c">20170102</subfield><subfield code="h">181005</subfield></datafield></record></collection>